@article{smirnov1948table,
  title={Table for estimating the goodness of fit of empirical distributions},
  author={Smirnov, Nickolay},
  journal={The Annals of Mathematical Statistics},
  volume={19},
  number={2},
  pages={279--281},
  year={1948},
  publisher={Institute of Mathematical Statistics}
}

@article{kolmogorov1933sulla,
  title={Sulla determinazione empirica di una lgge di distribuzione},
  author={Kolmogorov, Andrey},
  journal={Giornale dell'Istituto Italiano degli Attua},
  volume={4},
  pages={83--91},
  year={1933}
}

@article{Arnold,
  title =	 {Nonparametric Goodness-of-Fit Tests for Discrete Null
                  Distributions},
  author =	 {Taylor A. Arnold and John W. Emerson},
  journal =	 {The R Journal},
  year =	 2011,
  volume =	 3,
  number =	 2,
  pages =	 {34--39},
}

@article{Babu,
  title =	 {Goodness-of-fit tests when parameters are estimated},
  author =	 {Gutti Jogesh Babu and C. R. Rao},
  journal =	 {Sankhya: The Indian Journal of Statistics},
  year =	 2004,
  volume =	 66,
  pages =	 {63--74}
}

@article{Capasso,
  author =	 {Capasso, Marco and Alessi, Lucia and Barigozzi, Matteo and
                  Fagiolo, Giorgio},
  journal =	 {Advances in Complex Systems},
  pages =	 {157--167},
  title =	 {On Approximating the Distributions of Goodness-of-Fit Tets
                  Statistics Based on the Empirical Distribution Function: {T}he
                  Case of Unknown Parameters},
  volume =	 12,
  year =	 2009
}

@article{Conover,
  author =	 {W. J. Conover},
  journal =	 {Journal of the American Statistical Association},
  number =	 339,
  pages =	 {591--596},
  publisher =	 {[American Statistical Association, Taylor & Francis, Ltd.]},
  title =	 {A {K}olmogorov Goodness-of-Fit Test for Discontinuous
                  Distributions},
  volume =	 67,
  year =	 1972
}

@Manual{Copula,
  title =	 {copula: Multivariate Dependence with Copulas},
  author =	 {Marius Hofert and Ivan Kojadinovic and Martin Maechler and Jun
                  Yan},
  year =	 2020,
  note =	 {R package version 1.0-1},
  url =		 {https://CRAN.R-project.org/package=copula},
}

@article{Dimitrova,
  author =	 {Dimitrova, Dimitrina S. and Kaishev, Vladimir K. and Tan,
                  Senren},
  journal =	 {Journal of Statistical Software},
  pages =	 {1--42},
  title =	 {Computing the {K}olmogorov-{S}mirnov Distribution When the
                  Underlying CDF is Purely Discrete, Mixed, or Continuous},
  volume =	 {95(10)},
  year =	 2020
}

@article{Durilleul,
  author =	 {Pierre Durilleul and Pierre Legendre},
  journal =	 {Journal of Statistical Computation and Simulation},
  number =	 {1-2},
  pages =	 {79--91},
  title =	 {Lack of robustness in two tests of normality against
                  autocorrelation in sample data},
  volume =	 42,
  year =	 1992
}

@article{Genest,
  author =	 {Christian Genest and Bruno R{\'e}millard},
  journal =	 {Annales de l'Institut Henri Poincar{\'e}, Probabilit{\'e}s et
                  Statistiques},
  number =	 6,
  pages =	 {1096--1127},
  title =	 {{Validity of the parametric bootstrap for goodness-of-fit
                  testing in semiparametric models}},
  volume =	 44,
  year =	 2008
}

@article{Gleser,
  author =	 {Leon Jay Gleser},
  journal =	 {Journal of the American Statistical Association},
  number =	 392,
  pages =	 {954--958},
  publisher =	 {[American Statistical Association, Taylor & Francis, Ltd.]},
  title =	 {Exact Power of Goodness-of-Fit Tests of {K}olmogorov Type for
                  Discontinuous Distributions},
  volume =	 80,
  year =	 1985
}

@Book{Hofert,
  title =	 {{E}lements of {C}opula {M}odeling with \textsf{R}},
  year =	 2018,
  publisher =	 {Springer Use R! Series},
  isbn =	 {978-3-319-89635-9},
  url =		 {http://www.springer.com/de/book/9783319896342},
  author =	 {Marius Hofert and Ivan Kojadinovic and Martin Maechler and Jun
                  Yan},
}

@article{Lanzante,
  author =	 {Lanzante, John},
  year =	 2021,
  month =	 05,
  pages =	 {6314-–6323},
  title =	 {Testing For Differences Between Two Distributions In The
                  Presence Of Serial Correlation Using the
                  {K}olmogorov-–{S}mirnov and {K}uiper's Tests},
  volume =	 41,
  journal =	 {International Journal of Climatology}
}

@article{Lilliefors,
  title =	 {On the {K}olmogorov-{S}mirnov Test for Normality with Mean and
                  Variance Unknown},
  author =	 {Hubert W. Lilliefors},
  journal =	 {Journal of the American Statistical Association},
  volume =	 62,
  number =	 318,
  pages =	 {399--402},
  year =	 1967,
  publisher =	 {American Statistical Association}
}

@article{Marsaglia,
  author =	 {Marsaglia, George and Tsang, Wai Wan and Wang, Jingbo},
  journal =	 {Journal of Statistical Software},
  number =	 18,
  pages =	 {1--4},
  title =	 {Evaluating {K}olmogorov's Distribution},
  volume =	 8,
  year =	 2003
}

@article{Massey,
  title =	 {The {K}olmogorov-{S}mirnov Test for Goodness of Fit},
  author =	 {Frank J. Massey},
  journal =	 {Journal of the American Statistical Association},
  volume =	 46,
  number =	 253,
  pages =	 {68--78},
  year =	 1951,
  publisher =	 {Taylor \& Francis}
}

@article{Noether,
  title =	 {Note on the {K}olmogorov statistic in the discrete case},
  author =	 {Gottfried E. Noether},
  journal =	 {Metrika},
  year =	 1963,
  volume =	 7,
  pages =	 {115--116}
}

@Manual{R,
  title =	 {R: A Language and Environment for Statistical Computing},
  author =	 {{R Core Team}},
  organization = {R Foundation for Statistical Computing},
  address =	 {Vienna, Austria},
  year =	 2020,
  url =		 {https://www.R-project.org/},
}

@article{Steinskog,
  title =	 {A Cautionary Note on the Use of the {K}olmogorov-{S}mirnov
                  Test for Normality},
  author =	 {Dag J. Steinskog and Dag B. Tj{\o}stheim and Nils
                  G. Kvamst{\o}},
  journal =	 {Monthly Weather Review},
  volume =	 135,
  number =	 3,
  pages =	 {1151--1157},
  year =	 2007
}

@article{Weiss,
  title =	 {Modification of the {K}olmogorov-{S}mirnov Statistic for Use
                  with Correlated Data},
  author =	 {Marc S. Weiss},
  journal =	 {Journal of the American Statistical Association},
  volume =	 73,
  number =	 364,
  pages =	 {872--875},
  year =	 1978,
  publisher =	 {Taylor \& Francis}
}
